@Book{zbMATH05633610,
 Author = {Haim {Brezis}},
 Title = {{Functional analysis, Sobolev spaces and partial differential equations}},
 FJournal = {{Universitext}},
 Journal = {{Universitext}},
 ISSN = {0172-5939},
 ISBN = {978-0-387-70913-0/pbk; 978-0-387-70914-7/ebook},
 Pages = {xiii + 599},
 Year = {2011},
 Publisher = {New York, NY: Springer},
 Language = {English},
 MSC2010 = {46-01 47-01 35-01 46E35 46N20 47F05},
 Zbl = {1220.46002}
}

@Misc{Ciarlet1978},
 Author = {Philippe G. {Ciarlet}},
 Title = {{The finite element method for elliptic problems}},
 Year = {1978},
 Language = {English},
 HowPublished = {{Studies in Mathematics and its Applications. Vol. 4. Amsterdam - New York - Oxford: North-Holland Publishing Company. XIX, 580 p. Dfl. 130.00; \$ 56.00 (1978).}},
 MSC2010 = {65N30 65-02 74S05 65Nxx},
 Zbl = {0383.65058}
}


@book{Dietrich2007,
author = {Dietrich, Braees},
edition = {Third Edit},
isbn = {9780521705189},
title = {{FINITE ELEMENTS Theory, Fast Solvers, and Applications in Elasticity Theory}},
year = {2007}
}

@book{Brenner2008,
author = {Brenner, Susanne C and Scott, L Ridgway and {Brenner, S.C., Scott}, L.R.},
booktitle = {Dynamical Systems},
doi = {10.1007/978-0-387-75934-0},
file = {:home/javier/Documentos/MateriasUdea/semestre 9/Trabajo de Grado /Ecuaci{\'{o}}n de calor /Brenner.pdf:pdf},
isbn = {978-0-387-75933-3},
issn = {08981221},
pages = {404},
title = {{The Mathematical Theory of Finite Element Methods}},
year = {2008}
}

@Book{Gockenbach2006,
 Author = {Mark S. {Gockenbach}},
 Title = {{Understanding and implementing the finite element method.}},
 ISBN = {0-89871-614-4/pbk},
 Pages = {xvi + 363},
 Year = {2006},
 Publisher = {Philadelphia, PA: Society for Industrial and Applied Mathematics (SIAM)},
 Language = {English},
 MSC2010 = {65N30 65-01 35J05 35J25 65F10 65F35 65N55 65N12 65N50},
 Zbl = {1105.65112}
}

@Book{Rudin1987,
 Author = {Walter {Rudin}},
 Title = {{Real and complex analysis. 3rd ed.}},
 Edition = {3rd ed.},
 ISBN = {0-07-054234-1},
 Pages = {xiv + 416},
 Year = {1987},
 Publisher = {New York, NY: McGraw-Hill},
 Language = {English},
 MSC2010 = {00A05 26-01 30-01 46-01},
 Zbl = {0925.00005}
}

@Misc{Adams1975,
 Author = {Robert A. {Adams}},
 Title = {{Sobolev spaces.}},
 Year = {1975},
 Language = {English},
 HowPublished = {{Pure and Applied Mathematics, 65. A Series of Monographs and Textbooks. New York-San Francisco-London: Academic Press, Inc., a subsidiary of Harcourt Brace Jovanovich, Publishers. XVIII, 268 p. \$ 24.50 (1975).}},
 MSC2010 = {46E35 46-02},
 Zbl = {0314.46030}
}

@Book{Rudiger2013,
 Author = {R\"udiger {Verf\"urth}},
 Title = {{A posteriori error estimation techniques for finite element methods.}},
 FJournal = {{Numerical Mathematics and Scientific Computation}},
 Journal = {{Numer. Math. Sci. Comput.}},
 ISBN = {978-0-19-967942-3/hbk},
 Pages = {xx + 393},
 Year = {2013},
 Publisher = {Oxford: Oxford University Press},
 Language = {English},
 MSC2010 = {65N15 65M15 65-02 65N30 65N50 65M60 65M08 35J25 35J60 35K20 35K55 65M50 65N08},
 Zbl = {1279.65127}
}

@Article{AdamsFournier1977,
 Author = {R. A. {Adams} and John {Fournier}},
 Title = {{Cone conditions and properties of Sobolev spaces.}},
 FJournal = {{Journal of Mathematical Analysis and Applications}},
 Journal = {{J. Math. Anal. Appl.}},
 ISSN = {0022-247X},
 Volume = {61},
 Pages = {713--734},
 Year = {1977},
 Publisher = {Elsevier, San Diego, CA},
 Language = {English},
 MSC2010 = {46E35},
 Zbl = {0385.46024}
}

@Misc{Kreyszig1978,
 Author = {Erwin {Kreyszig}},
 Title = {{Introductory functional analysis with applications.}},
 Year = {1978},
 Language = {English},
 HowPublished = {{New York etc.: John Wiley \& Sons. XIV, 688 p. \textsterling 15.00; \$ 27.00 (1978).}},
 MSC2010 = {46Bxx 46-01 46Cxx 47B06 47B25 47B15},
 Zbl = {0368.46014}
}

@Misc{Rudin1976,
 Author = {Walter {Rudin}},
 Title = {{Principles of mathematical analysis. 3rd ed.}},
 Year = {1976},
 Language = {English},
 HowPublished = {{International Series in Pure and Applied Mathematics. D\"usseldorf etc.: McGraw-Hill Book Company. X, 342 p. DM 47.80 (1976).}},
 MSC2010 = {26-01},
 Zbl = {0346.26002}
}
